<?xml version="1.0" encoding="UTF-8" ?><marc:collection xmlns:marc="http://www.loc.gov/MARC21/slim" xmlns:xsi="http://www.w3.org/2001/XMLSchema-instance" xsi:schemaLocation="http://www.loc.gov/MARC21/slim http://www.loc.gov/standards/marcxml/schema/MARC21slim.xsd">
<marc:record><marc:leader>03002cam a2200493Mi 4500</marc:leader>
<marc:controlfield tag="001">b12590885</marc:controlfield>
<marc:controlfield tag="003">UaCaAUL</marc:controlfield><marc:controlfield tag="005">20190826100616.0</marc:controlfield><marc:controlfield tag="008">050527s1951    ua       b    000 0 ara d</marc:controlfield><marc:datafield tag="035" ind1=" " ind2=" "><marc:subfield code="a">(OCoLC)60506532</marc:subfield></marc:datafield><marc:datafield tag="040" ind1=" " ind2=" "><marc:subfield code="a">MEAUC</marc:subfield><marc:subfield code="b">eng</marc:subfield><marc:subfield code="e">rda</marc:subfield><marc:subfield code="c">MEAUC</marc:subfield><marc:subfield code="d">OCLCG</marc:subfield><marc:subfield code="d">OCLCA</marc:subfield><marc:subfield code="d">OCLCQ</marc:subfield><marc:subfield code="d">MEAUC</marc:subfield></marc:datafield><marc:datafield tag="049" ind1=" " ind2=" "><marc:subfield code="a">MAIN</marc:subfield></marc:datafield><marc:datafield tag="050" ind1=" " ind2="4"><marc:subfield code="a">PJ7745.I155</marc:subfield><marc:subfield code="b">M3 1951</marc:subfield></marc:datafield><marc:datafield tag="066" ind1=" " ind2=" "><marc:subfield code="c">(3</marc:subfield></marc:datafield><marc:datafield tag="090" ind1=" " ind2=" "><marc:subfield code="a">PJ7745.I155</marc:subfield><marc:subfield code="b">M3 1951</marc:subfield></marc:datafield><marc:datafield tag="100" ind1="1" ind2=" "><marc:subfield code="6">880-01</marc:subfield><marc:subfield code="a">Ibn Durayd, Muḥammad ibn al-Ḥasan,</marc:subfield><marc:subfield code="d">837 or 838-933.</marc:subfield></marc:datafield><marc:datafield tag="245" ind1="1" ind2="0"><marc:subfield code="6">880-02</marc:subfield><marc:subfield code="a">Sharḥ Maqṣūrat Ibn Durayd /</marc:subfield><marc:subfield code="c">lil-imām Abī Bakr Muḥammad ibn al-Ḥusayn ibn Durayd al-Azdī, raḥimahu Allāh ; ʻuniya bi-hi ʻAbd Allāh Ismāʻīl al-Ṣāwī.</marc:subfield></marc:datafield><marc:datafield tag="250" ind1=" " ind2=" "><marc:subfield code="6">880-03</marc:subfield><marc:subfield code="a">al-Ṭabʻah al-ūlá.</marc:subfield></marc:datafield><marc:datafield tag="264" ind1=" " ind2="1"><marc:subfield code="6">880-04</marc:subfield><marc:subfield code="a">ʻĀbidīn, [Cairo] :</marc:subfield><marc:subfield code="b">Maṭbaʻat al-Ṣāwī shāriʻ al-Kirdāsī bi-ʻĀbidīn,</marc:subfield><marc:subfield code="c">1951.</marc:subfield></marc:datafield><marc:datafield tag="300" ind1=" " ind2=" "><marc:subfield code="a">128 pages ;</marc:subfield><marc:subfield code="c">20 cm.</marc:subfield></marc:datafield><marc:datafield tag="336" ind1=" " ind2=" "><marc:subfield code="a">text</marc:subfield><marc:subfield code="b">txt</marc:subfield><marc:subfield code="2">rdacontent.</marc:subfield></marc:datafield><marc:datafield tag="337" ind1=" " ind2=" "><marc:subfield code="a">unmediated</marc:subfield><marc:subfield code="b">n</marc:subfield><marc:subfield code="2">rdamedia.</marc:subfield></marc:datafield><marc:datafield tag="338" ind1=" " ind2=" "><marc:subfield code="a">volume</marc:subfield><marc:subfield code="b">nc</marc:subfield><marc:subfield code="2">rdacarrier.</marc:subfield></marc:datafield><marc:datafield tag="500" ind1=" " ind2=" "><marc:subfield code="6">880-05</marc:subfield><marc:subfield code="a">Ḥuqūq al-ṭabʻ maḥfūẓah lil-shāriḥ.</marc:subfield></marc:datafield><marc:datafield tag="500" ind1=" " ind2=" "><marc:subfield code="6">880-06</marc:subfield><marc:subfield code="a">&quot;Wa-qadd wāfaqa farāghī min kitābat hādhā al-sharḥ al-mūjaz al-farāgh min ṭabʻihi fī ghurrat Shaʻbạn sanat 1370 al-muwāfiq 7 min Māyū sanat 1951 wa-lilāh al-ḥamd wa-al-minnah&quot;--Colophon.</marc:subfield></marc:datafield><marc:datafield tag="600" ind1="1" ind2="0"><marc:subfield code="6">880-07</marc:subfield><marc:subfield code="a">Ibn Durayd, Muḥammad ibn al-Ḥasan,</marc:subfield><marc:subfield code="d">837 or 838-933.</marc:subfield><marc:subfield code="t">Maqṣūrah.</marc:subfield></marc:datafield><marc:datafield tag="600" ind1="1" ind2="0"><marc:subfield code="6">880-08</marc:subfield><marc:subfield code="a">Ibn Durayd, Muḥammad ibn al-Ḥasan,</marc:subfield><marc:subfield code="d">837 or 838-933</marc:subfield><marc:subfield code="x">Criticism and interpretation.</marc:subfield></marc:datafield><marc:datafield tag="650" ind1=" " ind2="0"><marc:subfield code="a">Arabic poetry</marc:subfield><marc:subfield code="y">750-1258.</marc:subfield></marc:datafield><marc:datafield tag="700" ind1="1" ind2=" "><marc:subfield code="6">880-09</marc:subfield><marc:subfield code="a">Ṣāwī, ʻAbd Allāh Ismāʻīl.</marc:subfield></marc:datafield><marc:datafield tag="740" ind1="3" ind2=" "><marc:subfield code="6">880-10</marc:subfield><marc:subfield code="a">al-Maqṣūrah.</marc:subfield></marc:datafield><marc:datafield tag="880" ind1="1" ind2=" "><marc:subfield code="6">100-01/(3/r</marc:subfield><marc:subfield code="a">ابن دريد، محمد بن الحسن،،‪</marc:subfield><marc:subfield code="d">933-838 or 837.</marc:subfield></marc:datafield><marc:datafield tag="880" ind1="1" ind2="0"><marc:subfield code="6">245-02/(3/r</marc:subfield><marc:subfield code="a">شرح مقصورة ابن دريد /‪</marc:subfield><marc:subfield code="c">للامام أبي بكر محمد بن الحسين بن دريد الأزدي، رحمه الله ؛ عني به عبد الله اسماعيل الصاوي..</marc:subfield></marc:datafield><marc:datafield tag="880" ind1=" " ind2=" "><marc:subfield code="6">250-03/(3/r</marc:subfield><marc:subfield code="a">الطبعة الأولى..</marc:subfield></marc:datafield><marc:datafield tag="880" ind1=" " ind2="1"><marc:subfield code="6">264-04/(3/r</marc:subfield><marc:subfield code="a">عابدين، [Cairo] :‪</marc:subfield><marc:subfield code="b">مطبعة الصاوي شارع الكرداسي بعابدين،‪</marc:subfield><marc:subfield code="c">1951.</marc:subfield></marc:datafield><marc:datafield tag="880" ind1=" " ind2=" "><marc:subfield code="6">500-05/(3/r</marc:subfield><marc:subfield code="a">حقوق الطبع محفوظة للشارح..</marc:subfield></marc:datafield><marc:datafield tag="880" ind1=" " ind2=" "><marc:subfield code="6">500-06/(3/r</marc:subfield><marc:subfield code="a">&quot;وقد وافق فراغي من كتابة هذه الشرح الموجز الفراغ من طبعه في غرة شعبن سنة 1370 الموافق 7 من مايوا سنة 1951 ولله الحمد والمنه&quot;--Colophin.</marc:subfield></marc:datafield><marc:datafield tag="880" ind1="1" ind2="4"><marc:subfield code="6">600-08/(3/r</marc:subfield><marc:subfield code="a">ابن دريد، محمد بن الحسن،،‪</marc:subfield><marc:subfield code="d">933-838 or 837.</marc:subfield><marc:subfield code="x">نقد وتحليل..</marc:subfield></marc:datafield><marc:datafield tag="880" ind1="0" ind2="4"><marc:subfield code="6">600-07/(3/r</marc:subfield><marc:subfield code="a">ابن دريد، محمد بن الحسن،،‪</marc:subfield><marc:subfield code="d">933-838 or 837.</marc:subfield><marc:subfield code="t">مقصورة..</marc:subfield></marc:datafield><marc:datafield tag="880" ind1="1" ind2=" "><marc:subfield code="6">700-09/(3/r</marc:subfield><marc:subfield code="a">صاوي، عبد الله اسماعيل..</marc:subfield></marc:datafield><marc:datafield tag="880" ind1="2" ind2=" "><marc:subfield code="6">740-10/(3/r</marc:subfield><marc:subfield code="a">المقصورة..</marc:subfield></marc:datafield><marc:datafield tag="907" ind1=" " ind2=" "><marc:subfield code="a">.b12590885</marc:subfield><marc:subfield code="b">main </marc:subfield></marc:datafield><marc:datafield tag="902" ind1=" " ind2=" "><marc:subfield code="a">190902</marc:subfield></marc:datafield><marc:datafield tag="998" ind1=" " ind2=" "><marc:subfield code="b">1</marc:subfield><marc:subfield code="c">010108</marc:subfield><marc:subfield code="d">m</marc:subfield><marc:subfield code="e">~</marc:subfield><marc:subfield code="f">-</marc:subfield><marc:subfield code="g">0</marc:subfield><marc:subfield code="k">TA</marc:subfield></marc:datafield><marc:datafield tag="945" ind1=" " ind2=" "><marc:subfield code="l">main </marc:subfield></marc:datafield></marc:record>
</marc:collection>
